@preamble{ " \newcommand{\noop}[1]{} " } % a do-nothing command that serves a purpose

@ARTICLE{spina17,
   author = {{Spina}, L. and {Mel{\'e}ndez}, J. and {Karakas}, A.~I. and 
	{dos Santos}, L. and {Bedell}, M. and {Asplund}, M. and {Ram{\'{\i}}rez}, I. and 
	{Yong}, D. and {Alves-Brito}, A. and {Bean}, J.~L. and {Dreizler}, S.
	},
    title = "{The temporal evolution of neutron-capture elements in the Galactic discs}",
  journal = {\mnras},
archivePrefix = "arXiv",
   eprint = {1711.03643},
 primaryClass = "astro-ph.SR",
 keywords = {stars: abundances, Galaxy: abundances, Galaxy: disc, Galaxy: evolution},
     year = 2018,
    month = feb,
   volume = 474,
    pages = {2580-2593},
      doi = {10.1093/mnras/stx2938},
   adsurl = {http://adsabs.harvard.edu/abs/2018MNRAS.474.2580S},
  adsnote = {Provided by the SAO/NASA Astrophysics Data System}
}

@ARTICLE{kobayashi11,
   author = {{Kobayashi}, C. and {Nakasato}, N.},
    title = "{Chemodynamical Simulations of the Milky Way Galaxy}",
  journal = {\apj},
archivePrefix = "arXiv",
   eprint = {1012.5144},
 keywords = {Galaxy: abundances, Galaxy: evolution, Galaxy: formation, methods: numerical, supernovae: general},
     year = 2011,
    month = mar,
   volume = 729,
      eid = {16},
    pages = {16},
      doi = {10.1088/0004-637X/729/1/16},
   adsurl = {http://adsabs.harvard.edu/abs/2011ApJ...729...16K},
  adsnote = {Provided by the SAO/NASA Astrophysics Data System}
}

@ARTICLE{melendez15,
   author = {{Mel{\'e}ndez}, J. and {Bean}, J.~L. and {Bedell}, M. and {Ram{\'{\i}}rez}, I. and 
	{Asplund}, M. and {Dreizler}, S. and {Alves-Brito}, A. and {Spina}, L. and 
	{Casagrande}, L. and {Monroe}, T. and {Maia}, M.~T. and {Freitas}, F.
	},
    title = "{Using Solar Twins to Explore the Planet-Star Connection with Unparallelled Precision}",
  journal = {The Messenger},
     year = 2015,
    month = sep,
   volume = 161,
    pages = {28-31},
   adsurl = {http://adsabs.harvard.edu/abs/2015Msngr.161...28M},
  adsnote = {Provided by the SAO/NASA Astrophysics Data System}
}

@ARTICLE{melendez17,
       author = {{Mel{\'e}ndez}, Jorge and {Bedell}, Megan and {Bean}, Jacob L. and
        {Ram{\'\i}rez}, Iv{\'a}n and {Asplund}, Martin and {Dreizler},
        Stefan and {Yan}, Hong-Liang and {Shi}, Jian-Rong and {Lind},
        Karin and {Ferraz-Mello}, Sylvio and {Galarza}, Jhon Yana and
        {dos Santos}, Leonardo and {Spina}, Lorenzo and {Maia}, Marcelo
        Tucci and {Alves-Brito}, Alan and {Monroe}, TalaWanda and
        {Casagrande}, Luca},
        title = "{The Solar Twin Planet Search. V. Close-in, low-mass planet candidates
        and evidence of planet accretion in the solar twin HIP 68468}",
      journal = {\aap},
     keywords = {planetary systems, planets and satellites: detection, techniques: radial
        velocities, stars: abundances, Astrophysics - Earth and
        Planetary Astrophysics, Astrophysics - Solar and Stellar
        Astrophysics},
         year = 2017,
        month = Jan,
       volume = {597},
          eid = {A34},
        pages = {A34},
          doi = {10.1051/0004-6361/201527775},
       adsurl = {https://ui.adsabs.harvard.edu/#abs/2017A&A...597A..34M},
      adsnote = {Provided by the SAO/NASA Astrophysics Data System}
}

@ARTICLE{Santos2017,
       author = {{Santos}, N.~C. and {Adibekyan}, V. and {Dorn}, C. and {Mordasini}, C.
        and {Noack}, L. and {Barros}, S.~C.~C. and {Delgado-Mena}, E.
        and {Demangeon}, O. and {Faria}, J.~P. and {Israelian}, G. and
        {Sousa}, S.~G.},
        title = "{Constraining planet structure and composition from stellar chemistry:
        trends in different stellar populations}",
      journal = {\aap},
     keywords = {stars: abundances, planetary systems, planets and satellites:
        composition, techniques: spectroscopic, Astrophysics - Earth and
        Planetary Astrophysics},
         year = 2017,
        month = Dec,
       volume = {608},
          eid = {A94},
        pages = {A94},
          doi = {10.1051/0004-6361/201731359},
       adsurl = {https://ui.adsabs.harvard.edu/#abs/2017A&A...608A..94S},
      adsnote = {Provided by the SAO/NASA Astrophysics Data System}
}



@ARTICLE{chambers10,
   author = {{Chambers}, J.~E.},
    title = "{Stellar Elemental Abundance Patterns: Implications for Planet Formation}",
  journal = {\apj},
 keywords = {planets and satellites: formation, protoplanetary disks, stars: abundances, Sun: abundances},
     year = 2010,
    month = nov,
   volume = 724,
    pages = {92-97},
      doi = {10.1088/0004-637X/724/1/92},
   adsurl = {http://adsabs.harvard.edu/abs/2010ApJ...724...92C},
  adsnote = {Provided by the SAO/NASA Astrophysics Data System}
}

@ARTICLE{bedell14,
   author = {{Bedell}, M. and {Mel{\'e}ndez}, J. and {Bean}, J.~L. and {Ram{\'{\i}}rez}, I. and 
	{Leite}, P. and {Asplund}, M.},
    title = "{Stellar Chemical Abundances: In Pursuit of the Highest Achievable Precision}",
  journal = {\apj},
 keywords = {stars: abundances, stars: fundamental parameters, techniques: spectroscopic },
     year = 2014,
    month = nov,
   volume = 795,
      eid = {23},
    pages = {23},
      doi = {10.1088/0004-637X/795/1/23},
   adsurl = {http://adsabs.harvard.edu/abs/2014ApJ...795...23B},
  adsnote = {Provided by the SAO/NASA Astrophysics Data System}
}

@ARTICLE{bedell15,
       author = {{Bedell}, M. and {Mel{\'e}ndez}, J. and {Bean}, J.~L. and
        {Ram{\'\i}rez}, I. and {Asplund}, M. and {Alves-Brito}, A. and
        {Casagrande}, L. and {Dreizler}, S. and {Monroe}, T. and
        {Spina}, L. and {Tucci Maia}, M.},
        title = "{The Solar Twin Planet Search. II. A Jupiter twin around a solar twin}",
      journal = {\aap},
     keywords = {planets and satellites: detection, techniques: radial velocities, stars:
        activity, Astrophysics - Earth and Planetary Astrophysics},
         year = 2015,
        month = Sep,
       volume = {581},
          eid = {A34},
        pages = {A34},
          doi = {10.1051/0004-6361/201525748},
       adsurl = {https://ui.adsabs.harvard.edu/#abs/2015A&A...581A..34B},
      adsnote = {Provided by the SAO/NASA Astrophysics Data System}
}



@ARTICLE{yy,
   author = {{Demarque}, P. and {Woo}, J.-H. and {Kim}, Y.-C. and {Yi}, S.~K.
	},
    title = "{Y$^{2}$ Isochrones with an Improved Core Overshoot Treatment}",
  journal = {\apjs},
 keywords = {Convection, Stars: Evolution, Stars: Interiors},
     year = 2004,
    month = dec,
   volume = 155,
    pages = {667-674},
      doi = {10.1086/424966},
   adsurl = {http://adsabs.harvard.edu/abs/2004ApJS..155..667D},
  adsnote = {Provided by the SAO/NASA Astrophysics Data System}
}

@ARTICLE{baumann10,
   author = {{Baumann}, P. and {Ram{\'{\i}}rez}, I. and {Mel{\'e}ndez}, J. and 
	{Asplund}, M. and {Lind}, K.},
    title = "{Lithium depletion in solar-like stars: no planet connection}",
  journal = {\aap},
archivePrefix = "arXiv",
 primaryClass = "astro-ph.SR",
 keywords = {Sun: abundances, stars: abundances, planetary systems},
     year = 2010,
    month = sep,
   volume = 519,
      eid = {A87},
    pages = {A87},
      doi = {10.1051/0004-6361/201015137},
   adsurl = {http://adsabs.harvard.edu/abs/2010A%26A...519A..87B},
  adsnote = {Provided by the SAO/NASA Astrophysics Data System}
}

@ARTICLE{melendez07,
   author = {{Mel{\'e}ndez}, J. and {Ram{\'{\i}}rez}, I.},
    title = "{HIP 56948: A Solar Twin with a Low Lithium Abundance}",
  journal = {\apjl},
archivePrefix = "arXiv",
 keywords = {Stars: Abundances, Stars: Activity, Stars: Atmospheres, Stars: Fundamental Parameters, stars: individual (HIP 56948), Sun: Fundamental Parameters},
     year = 2007,
    month = nov,
   volume = 669,
    pages = {L89-L92},
      doi = {10.1086/523942},
   adsurl = {http://adsabs.harvard.edu/abs/2007ApJ...669L..89M},
  adsnote = {Provided by the SAO/NASA Astrophysics Data System}
}

@ARTICLE{valenti05,
   author = {{Valenti}, J.~A. and {Fischer}, D.~A.},
    title = "{Spectroscopic Properties of Cool Stars (SPOCS). I. 1040 F, G, and K Dwarfs from Keck, Lick, and AAT Planet Search Programs}",
  journal = {\apjs},
 keywords = {Catalogs, Stars: Abundances, Stars: Fundamental Parameters, Stars: Late-Type, Techniques: Spectroscopic},
     year = 2005,
    month = jul,
   volume = 159,
    pages = {141-166},
      doi = {10.1086/430500},
   adsurl = {http://adsabs.harvard.edu/abs/2005ApJS..159..141V},
  adsnote = {Provided by the SAO/NASA Astrophysics Data System}
}

@ARTICLE{dosSantos17,
   author = {{dos Santos}, L.~A. and {Mel{\'e}ndez}, J. and {Bedell}, M. and 
	{Bean}, J.~L. and {Spina}, L. and {Alves-Brito}, A. and {Dreizler}, S. and 
	{Ram{\'{\i}}rez}, I. and {Asplund}, M.},
    title = "{Spectroscopic binaries in the Solar Twin Planet Search program: from substellar-mass to M dwarf companions}",
  journal = {\mnras},
archivePrefix = "arXiv",
   eprint = {1708.07465},
 primaryClass = "astro-ph.SR",
 keywords = {binaries: spectroscopic, binaries: visual, stars: fundamental parameters, stars: rotation, stars: solar-type},
     year = 2017,
    month = dec,
   volume = 472,
    pages = {3425-3436},
      doi = {10.1093/mnras/stx2199},
   adsurl = {http://adsabs.harvard.edu/abs/2017MNRAS.472.3425D},
  adsnote = {Provided by the SAO/NASA Astrophysics Data System}
}

@INPROCEEDINGS{bernstein03,
   author = {{Bernstein}, R. and {Shectman}, S.~A. and {Gunnels}, S.~M. and 
	{Mochnacki}, S. and {Athey}, A.~E.},
    title = "{MIKE: A Double Echelle Spectrograph for the Magellan Telescopes at Las Campanas Observatory}",
booktitle = {Instrument Design and Performance for Optical/Infrared Ground-based Telescopes},
     year = 2003,
   series = {Society of Photo-Optical Instrumentation Engineers (SPIE) Conference Series},
   volume = 4841,
   editor = {{Iye}, M. and {Moorwood}, A.~F.~M.},
    month = mar,
    pages = {1694-1704},
      doi = {10.1117/12.461502},
   adsurl = {http://adsabs.harvard.edu/abs/2003SPIE.4841.1694B},
  adsnote = {Provided by the SAO/NASA Astrophysics Data System}
}

@ARTICLE{castelli04,
   author = {{Castelli}, F. and {Kurucz}, R.~L.},
    title = "{New Grids of ATLAS9 Model Atmospheres}",
  journal = {ArXiv Astrophysics e-prints},
   eprint = {astro-ph/0405087},
 keywords = {Astrophysics},
     year = 2004,
    month = may,
   adsurl = {http://adsabs.harvard.edu/abs/2004astro.ph..5087C},
  adsnote = {Provided by the SAO/NASA Astrophysics Data System}
}

@ARTICLE{ramirez13,
   author = {{Ram{\'{\i}}rez}, I. and {Allende Prieto}, C. and {Lambert}, D.~L.
	},
    title = "{Oxygen Abundances in Nearby FGK Stars and the Galactic Chemical Evolution of the Local Disk and Halo}",
  journal = {\apj},
archivePrefix = "arXiv",
 primaryClass = "astro-ph.SR",
 keywords = {Galaxy: disk, Galaxy: evolution, Galaxy: formation, stars: abundances, stars: atmospheres, stars: fundamental parameters},
     year = 2013,
    month = feb,
   volume = 764,
      eid = {78},
    pages = {78},
      doi = {10.1088/0004-637X/764/1/78},
   adsurl = {http://adsabs.harvard.edu/abs/2013ApJ...764...78R},
  adsnote = {Provided by the SAO/NASA Astrophysics Data System}
}

@ARTICLE{ASCC2009,
   author = {{Kharchenko}, N.~V. and {Roeser}, S.},
    title = "{VizieR Online Data Catalog: All-Sky Compiled Catalogue of 2.5 million stars (Kharchenko+ 2009)}",
  journal = {VizieR Online Data Catalog},
 keywords = {Combined data, Positional data, Proper motions, Parallaxes: trigonometric, Photometry, Spectral types, Stars: variable, Stars: double and multiple, Cross identifications},
     year = 2009,
    month = sep,
   volume = 1280,
   adsurl = {http://adsabs.harvard.edu/abs/2009yCat.1280....0K},
  adsnote = {Provided by the SAO/NASA Astrophysics Data System}
}

@ARTICLE{Tycho2000,
   author = {{H{\o}g}, E. and {Fabricius}, C. and {Makarov}, V.~V. and {Urban}, S. and 
	{Corbin}, T. and {Wycoff}, G. and {Bastian}, U. and {Schwekendiek}, P. and 
	{Wicenec}, A.},
    title = "{The Tycho-2 catalogue of the 2.5 million brightest stars}",
  journal = {\aap},
 keywords = {ASTROMETRY, STARS: FUNDAMENTAL PARAMETERS, CATALOGS},
     year = 2000,
    month = mar,
   volume = 355,
    pages = {L27-L30},
   adsurl = {http://adsabs.harvard.edu/abs/2000A%26A...355L..27H},
  adsnote = {Provided by the SAO/NASA Astrophysics Data System}
}

@ARTICLE{spina16,
   author = {{Spina}, L. and {Mel{\'e}ndez}, J. and {Ram{\'{\i}}rez}, I.},
    title = "{Planet signatures and effect of the chemical evolution of the Galactic thin-disk stars}",
  journal = {\aap},
archivePrefix = "arXiv",
   eprint = {1511.01012},
 primaryClass = "astro-ph.SR",
 keywords = {stars: abundances, stars: fundamental parameters, stars: solar-type, planetary systems, Galaxy: disk, Galaxy: evolution},
     year = 2016,
    month = jan,
   volume = 585,
      eid = {A152},
    pages = {A152},
      doi = {10.1051/0004-6361/201527429},
   adsurl = {http://adsabs.harvard.edu/abs/2016A%26A...585A.152S},
  adsnote = {Provided by the SAO/NASA Astrophysics Data System}
}

@ARTICLE{spina16b,
   author = {{Spina}, L. and {Mel{\'e}ndez}, J. and {Karakas}, A.~I. and 
	{Ram{\'{\i}}rez}, I. and {Monroe}, T.~R. and {Asplund}, M. and 
	{Yong}, D.},
    title = "{Nucleosynthetic history of elements in the Galactic disk. [X/Fe]-age relations from high-precision spectroscopy}",
  journal = {\aap},
archivePrefix = "arXiv",
 primaryClass = "astro-ph.SR",
 keywords = {stars: abundances, stars: fundamental parameters, stars: solar-type, Galaxy: abundances, Galaxy: disk, Galaxy: evolution},
     year = 2016,
    month = oct,
   volume = 593,
      eid = {A125},
    pages = {A125},
      doi = {10.1051/0004-6361/201628557},
   adsurl = {http://adsabs.harvard.edu/abs/2016A%26A...593A.125S},
  adsnote = {Provided by the SAO/NASA Astrophysics Data System}
}

@ARTICLE{adibekyan15,
   author = {{Adibekyan}, V. and {Figueira}, P. and {Santos}, N.~C. and {Sousa}, S.~G. and 
	{Faria}, J.~P. and {Delgado-Mena}, E. and {Oshagh}, M. and {Tsantaki}, M. and 
	{Hakobyan}, A.~A. and {Gonz{\'a}lez Hern{\'a}ndez}, J.~I. and 
	{Su{\'a}rez-Andr{\'e}s}, L. and {Israelian}, G.},
    title = "{Identifying the best iron-peak and {$\alpha$}-capture elements for chemical tagging: The impact of the number of lines on measured scatter}",
  journal = {\aap},
archivePrefix = "arXiv",
 primaryClass = "astro-ph.SR",
 keywords = {stars: abundances, stars: general, stars: fundamental parameters},
     year = 2015,
    month = nov,
   volume = 583,
      eid = {A94},
    pages = {A94},
      doi = {10.1051/0004-6361/201527120},
   adsurl = {http://adsabs.harvard.edu/abs/2015A%26A...583A..94A},
  adsnote = {Provided by the SAO/NASA Astrophysics Data System}
}

@ARTICLE{gaiaDR1,
   author = {{Gaia Collaboration} and {Brown}, A.~G.~A. and {Vallenari}, A. and 
	{Prusti}, T. and {de Bruijne}, J.~H.~J. and {Mignard}, F. and 
	{Drimmel}, R. and {Babusiaux}, C. and {Bailer-Jones}, C.~A.~L. and 
	{Bastian}, U. and et al.},
    title = "{Gaia Data Release 1. Summary of the astrometric, photometric, and survey properties}",
  journal = {\aap},
 keywords = {catalogs, astrometry, parallaxes, proper motions, surveys},
     year = 2016,
    month = nov,
   volume = 595,
      eid = {A2},
    pages = {A2},
      doi = {10.1051/0004-6361/201629512},
   adsurl = {http://adsabs.harvard.edu/abs/2016A%26A...595A...2G},
  adsnote = {Provided by the SAO/NASA Astrophysics Data System}
}

@ARTICLE{hip,
   author = {{van Leeuwen}, F.},
    title = "{Validation of the new Hipparcos reduction}",
  journal = {\aap},
 keywords = {space vehicles: instruments, methods: data analysis, catalogs, astrometry, instrumentation: miscellaneous},
     year = 2007,
    month = nov,
   volume = 474,
    pages = {653-664},
      doi = {10.1051/0004-6361:20078357},
   adsurl = {http://adsabs.harvard.edu/abs/2007A%26A...474..653V},
  adsnote = {Provided by the SAO/NASA Astrophysics Data System}
}


@ARTICLE{mayor03,
   author = {{Mayor}, M. and {Pepe}, F. and {Queloz}, D. and {Bouchy}, F. and 
	{Rupprecht}, G. and {Lo Curto}, G. and {Avila}, G. and {Benz}, W. and 
	{Bertaux}, J.-L. and {Bonfils}, X. and {Dall}, T. and {Dekker}, H. and 
	{Delabre}, B. and {Eckert}, W. and {Fleury}, M. and {Gilliotte}, A. and 
	{Gojak}, D. and {Guzman}, J.~C. and {Kohler}, D. and {Lizon}, J.-L. and 
	{Longinotti}, A. and {Lovis}, C. and {Megevand}, D. and {Pasquini}, L. and 
	{Reyes}, J. and {Sivan}, J.-P. and {Sosnowska}, D. and {Soto}, R. and 
	{Udry}, S. and {van Kesteren}, A. and {Weber}, L. and {Weilenmann}, U.
	},
    title = "{Setting New Standards with HARPS}",
  journal = {The Messenger},
     year = 2003,
    month = dec,
   volume = 114,
    pages = {20-24},
   adsurl = {http://adsabs.harvard.edu/abs/2003Msngr.114...20M},
  adsnote = {Provided by the SAO/NASA Astrophysics Data System}
}

@ARTICLE{melendez09,
   author = {{Mel{\'e}ndez}, J. and {Asplund}, M. and {Gustafsson}, B. and 
	{Yong}, D.},
    title = "{The Peculiar Solar Composition and Its Possible Relation to Planet Formation}",
  journal = {\apjl},
 keywords = {planetary systems, solar system: formation, stars: abundances, Sun: abundances},
     year = 2009,
    month = oct,
   volume = 704,
    pages = {L66-L70},
      doi = {10.1088/0004-637X/704/1/L66},
   adsurl = {http://adsabs.harvard.edu/abs/2009ApJ...704L..66M},
  adsnote = {Provided by the SAO/NASA Astrophysics Data System}
}

@ARTICLE{ramirez14,
   author = {{Ram{\'{\i}}rez}, I. and {Mel{\'e}ndez}, J. and {Bean}, J. and 
	{Asplund}, M. and {Bedell}, M. and {Monroe}, T. and {Casagrande}, L. and 
	{Schirbel}, L. and {Dreizler}, S. and {Teske}, J. and {Tucci Maia}, M. and 
	{Alves-Brito}, A. and {Baumann}, P.},
    title = "{The Solar Twin Planet Search. I. Fundamental parameters of the stellar sample}",
  journal = {\aap},
 keywords = {stars: abundances, stars: fundamental parameters, planetary systems},
     year = 2014,
    month = dec,
   volume = 572,
      eid = {A48},
    pages = {A48},
      doi = {10.1051/0004-6361/201424244},
   adsurl = {http://adsabs.harvard.edu/abs/2014A%26A...572A..48R},
  adsnote = {Provided by the SAO/NASA Astrophysics Data System}
}

@PHDTHESIS{sneden73,
   author = {{Sneden}, C.~A.},
    title = "{Carbon and Nitrogen Abundances in Metal-Poor Stars.}",
   school = {THE UNIVERSITY OF TEXAS AT AUSTIN.},
     year = 1973,
   adsurl = {http://adsabs.harvard.edu/abs/1973PhDT.......180S},
  adsnote = {Provided by the SAO/NASA Astrophysics Data System}
}

@ARTICLE{madhu11,
   author = {{Madhusudhan}, N. and {Mousis}, O. and {Johnson}, T.~V. and 
	{Lunine}, J.~I.},
    title = "{Carbon-rich Giant Planets: Atmospheric Chemistry, Thermal Inversions, Spectra, and Formation Conditions}",
  journal = {\apj},
 keywords = {planetary systems, planets and satellites: general, planets and satellites: individual: WASP-12b},
     year = 2011,
    month = dec,
   volume = 743,
      eid = {191},
    pages = {191},
      doi = {10.1088/0004-637X/743/2/191},
   adsurl = {http://adsabs.harvard.edu/abs/2011ApJ...743..191M},
  adsnote = {Provided by the SAO/NASA Astrophysics Data System}
}

@ARTICLE{Casagrande2011,
   author = {{Casagrande}, L. and {Sch{\"o}nrich}, R. and {Asplund}, M. and 
	{Cassisi}, S. and {Ram{\'{\i}}rez}, I. and {Mel{\'e}ndez}, J. and 
	{Bensby}, T. and {Feltzing}, S.},
    title = "{New constraints on the chemical evolution of the solar neighbourhood and Galactic disc(s). Improved astrophysical parameters for the Geneva-Copenhagen Survey}",
  journal = {\aap},
archivePrefix = "arXiv",
   eprint = {1103.4651},
 primaryClass = "astro-ph.GA",
 keywords = {stars: abundances, stars: fundamental parameters, Hertzsprung-Russell and C-M diagrams, stars: kinematics and dynamics, Galaxy: disk, solar neighborhood},
     year = 2011,
    month = jun,
   volume = 530,
      eid = {A138},
    pages = {A138},
      doi = {10.1051/0004-6361/201016276},
   adsurl = {http://adsabs.harvard.edu/abs/2011A%26A...530A.138C},
  adsnote = {Provided by the SAO/NASA Astrophysics Data System}
}

@ARTICLE{Jones2006,
       author = {{Jones}, Hugh R.~A. and {Butler}, R. Paul and {Tinney}, C.~G. and
        {Marcy}, Geoffrey W. and {Carter}, Brad D. and {Penny}, Alan J.
        and {McCarthy}, Chris and {Bailey}, Jeremy},
        title = "{High-eccentricity planets from the Anglo-Australian Planet Search}",
      journal = {\mnras},
     keywords = {stars: individual: HD 187085: stars: individual: HD 20782: stars: brown
        dwarfs: planetary systems, stars: individual: HD 187085, stars:
        individual: HD 20782, stars: brown dwarfs, planetary systems,
        Astrophysics},
         year = 2006,
        month = Jun,
       volume = {369},
        pages = {249-256},
          doi = {10.1111/j.1365-2966.2006.10298.x},
       adsurl = {https://ui.adsabs.harvard.edu/#abs/2006MNRAS.369..249J},
      adsnote = {Provided by the SAO/NASA Astrophysics Data System}
}



@ARTICLE{naef10,
       author = {{Naef}, D. and {Mayor}, M. and {Lo Curto}, G. and {Bouchy}, F. and
        {Lovis}, C. and {Moutou}, C. and {Benz}, W. and {Pepe}, F. and
        {Queloz}, D. and {Santos}, N.~C. and {S{\'e}gransan}, D. and
        {Udry}, S. and {Bonfils}, X. and {Delfosse}, X. and {Forveille},
        T. and {H{\'e}brard}, G. and {Mordasini}, C. and {Perrier}, C.
        and {Boisse}, I. and {Sosnowska}, D.},
        title = "{The HARPS search for southern extrasolar planets. XXIII. 8 planetary
        companions to low-activity solar-type stars}",
      journal = {\aap},
     keywords = {planetary systems, techniques: radial velocities, techniques:
        spectroscopic, Astrophysics - Earth and Planetary Astrophysics},
         year = 2010,
        month = Nov,
       volume = {523},
          eid = {A15},
        pages = {A15},
          doi = {10.1051/0004-6361/200913616},
       adsurl = {https://ui.adsabs.harvard.edu/#abs/2010A&A...523A..15N},
      adsnote = {Provided by the SAO/NASA Astrophysics Data System}
}




@ARTICLE{oberg11,
   author = {{{\"O}berg}, K.~I. and {Murray-Clay}, R. and {Bergin}, E.~A.
	},
    title = "{The Effects of Snowlines on C/O in Planetary Atmospheres}",
  journal = {\apjl},
 keywords = {astrochemistry, circumstellar matter, molecular processes, planetary systems, planet-disk interactions, planets and satellites: atmospheres},
     year = 2011,
    month = dec,
   volume = 743,
      eid = {L16},
    pages = {L16},
      doi = {10.1088/2041-8205/743/1/L16},
   adsurl = {http://adsabs.harvard.edu/abs/2011ApJ...743L..16O},
  adsnote = {Provided by the SAO/NASA Astrophysics Data System}
}

@ARTICLE{bond10,
   author = {{Bond}, J.~C. and {O'Brien}, D.~P. and {Lauretta}, D.~S.},
    title = "{The Compositional Diversity of Extrasolar Terrestrial Planets. I. In Situ Simulations}",
  journal = {\apj},
 keywords = {planetary systems, planets and satellites: composition, planets and satellites: formation},
     year = 2010,
    month = jun,
   volume = 715,
    pages = {1050-1070},
      doi = {10.1088/0004-637X/715/2/1050},
   adsurl = {http://adsabs.harvard.edu/abs/2010ApJ...715.1050B},
  adsnote = {Provided by the SAO/NASA Astrophysics Data System}
}

@ARTICLE{kuchner05,
   author = {{Kuchner}, M.~J. and {Seager}, S.},
    title = "{Extrasolar Carbon Planets}",
  journal = {ArXiv Astrophysics e-prints},
   eprint = {astro-ph/0504214},
 keywords = {Astrophysics},
     year = 2005,
    month = apr,
   adsurl = {http://adsabs.harvard.edu/abs/2005astro.ph..4214K},
  adsnote = {Provided by the SAO/NASA Astrophysics Data System}
}

@ARTICLE{unterborn17b,
   author = {{Unterborn}, C.~T. and {Hull}, S.~D. and {Stixrude}, L.~P. and 
	{Teske}, J.~K. and {Johnson}, J.~A. and {Panero}, W.~R.},
    title = "{Stellar Chemical Clues As To The Rarity of Exoplanetary Tectonics}",
  journal = {ArXiv e-prints},
archivePrefix = "arXiv",
   eprint = {1706.10282},
 primaryClass = "astro-ph.EP",
 keywords = {Astrophysics - Earth and Planetary Astrophysics},
     year = 2017,
    month = jun,
   adsurl = {http://adsabs.harvard.edu/abs/2017arXiv170610282U},
  adsnote = {Provided by the SAO/NASA Astrophysics Data System}
}


@ARTICLE{unterborn17a,
   author = {{Unterborn}, C.~T. and {Panero}, W.~R.},
    title = "{The Effects of Mg/Si on the Exoplanetary Refractory Oxygen Budget}",
  journal = {\apj},
 keywords = {astrochemistry, Earth, planets and satellites: formation, planets and satellites: fundamental parameters, planets and satellites: interiors, planets and satellites: terrestrial planets},
     year = 2017,
    month = aug,
   volume = 845,
      eid = {61},
    pages = {61},
      doi = {10.3847/1538-4357/aa7f79},
   adsurl = {http://adsabs.harvard.edu/abs/2017ApJ...845...61U},
  adsnote = {Provided by the SAO/NASA Astrophysics Data System}
}

@ARTICLE{unterborn14,
   author = {{Unterborn}, C.~T. and {Kabbes}, J.~E. and {Pigott}, J.~S. and 
	{Reaman}, D.~M. and {Panero}, W.~R.},
    title = "{The Role of Carbon in Extrasolar Planetary Geodynamics and Habitability}",
  journal = {\apj},
 keywords = {planets and satellites: composition, planets and satellites: interiors, planets and satellites: physical evolution, planets and satellites: tectonics, planets and satellites: terrestrial planets, stars: carbon },
     year = 2014,
    month = oct,
   volume = 793,
      eid = {124},
    pages = {124},
      doi = {10.1088/0004-637X/793/2/124},
   adsurl = {http://adsabs.harvard.edu/abs/2014ApJ...793..124U},
  adsnote = {Provided by the SAO/NASA Astrophysics Data System}
}


@ARTICLE{hinkel14,
   author = {{Hinkel}, N.~R. and {Timmes}, F.~X. and {Young}, P.~A. and {Pagano}, M.~D. and 
	{Turnbull}, M.~C.},
    title = "{Stellar Abundances in the Solar Neighborhood: The Hypatia Catalog}",
  journal = {\aj},
 keywords = {catalogs, planetary systems, solar neighborhood, stars: abundances, stars: fundamental parameters},
     year = 2014,
    month = sep,
   volume = 148,
      eid = {54},
    pages = {54},
      doi = {10.1088/0004-6256/148/3/54},
   adsurl = {http://adsabs.harvard.edu/abs/2014AJ....148...54H},
  adsnote = {Provided by the SAO/NASA Astrophysics Data System}
}

@ARTICLE{suarez17,
   author = {{Su{\'a}rez-Andr{\'e}s}, L. and {Israelian}, G. and {Gonz{\'a}lez Hern{\'a}ndez}, J.~I. and 
	{Adibekyan}, V.~Z. and {Delgado Mena}, E. and {Santos}, N.~C. and 
	{Sousa}, S.~G.},
    title = "{CNO behaviour in planet-harbouring stars. II. Carbon abundances in stars with and without planets using the CH band}",
  journal = {\aap},
 keywords = {stars: abundances, stars: chemically peculiar, planetary systems},
     year = 2017,
    month = mar,
   volume = 599,
      eid = {A96},
    pages = {A96},
      doi = {10.1051/0004-6361/201629434},
   adsurl = {http://adsabs.harvard.edu/abs/2017A%26A...599A..96S},
  adsnote = {Provided by the SAO/NASA Astrophysics Data System}
}

@ARTICLE{delgado10,
   author = {{Delgado Mena}, E. and {Israelian}, G. and {Gonz{\'a}lez Hern{\'a}ndez}, J.~I. and 
	{Bond}, J.~C. and {Santos}, N.~C. and {Udry}, S. and {Mayor}, M.
	},
    title = "{Chemical Clues on the Formation of Planetary Systems: C/O Versus Mg/Si for HARPS GTO Sample}",
  journal = {\apj},
 keywords = {planetary systems, planets and satellites: formation, stars: abundances, stars: atmospheres, stars: fundamental parameters},
     year = 2010,
    month = dec,
   volume = 725,
    pages = {2349-2358},
      doi = {10.1088/0004-637X/725/2/2349},
   adsurl = {http://adsabs.harvard.edu/abs/2010ApJ...725.2349D},
  adsnote = {Provided by the SAO/NASA Astrophysics Data System}
}

@ARTICLE{carter-bond12,
   author = {{Carter-Bond}, J.~C. and {O'Brien}, D.~P. and {Delgado Mena}, E. and 
	{Israelian}, G. and {Santos}, N.~C. and {Gonz{\'a}lez Hern{\'a}ndez}, J.~I.
	},
    title = "{Low Mg/Si Planetary Host Stars and Their Mg-depleted Terrestrial Planets}",
  journal = {\apjl},
 keywords = {planetary systems, planets and satellites: composition, planets and satellites: formation},
     year = 2012,
    month = mar,
   volume = 747,
      eid = {L2},
    pages = {L2},
      doi = {10.1088/2041-8205/747/1/L2},
   adsurl = {http://adsabs.harvard.edu/abs/2012ApJ...747L...2C},
  adsnote = {Provided by the SAO/NASA Astrophysics Data System}
}

@ARTICLE{asplund09,
   author = {{Asplund}, M. and {Grevesse}, N. and {Sauval}, A.~J. and {Scott}, P.
	},
    title = "{The Chemical Composition of the Sun}",
  journal = {\araa},
     year = 2009,
    month = sep,
   volume = 47,
    pages = {481-522},
      doi = {10.1146/annurev.astro.46.060407.145222},
   adsurl = {http://adsabs.harvard.edu/abs/2009ARA%26A..47..481A},
  adsnote = {Provided by the SAO/NASA Astrophysics Data System}
}

@ARTICLE{gonzalez97,
   author = {{Gonzalez}, G.},
    title = "{The stellar metallicity-giant planet connection}",
  journal = {\mnras},
 keywords = {STARS: ABUNDANCES, STARS: INDIVIDUAL: HR458, STARS: INDIVIDUAL: HR5185.},
     year = 1997,
    month = feb,
   volume = 285,
    pages = {403-412},
      doi = {10.1093/mnras/285.2.403},
   adsurl = {http://adsabs.harvard.edu/abs/1997MNRAS.285..403G},
  adsnote = {Provided by the SAO/NASA Astrophysics Data System}
}

@ARTICLE{fischer05,
   author = {{Fischer}, D.~A. and {Valenti}, J.},
    title = "{The Planet-Metallicity Correlation}",
  journal = {\apj},
 keywords = {Stars: Planetary Systems, Stars: Abundances, Stars: Fundamental Parameters},
     year = 2005,
    month = apr,
   volume = 622,
    pages = {1102-1117},
      doi = {10.1086/428383},
   adsurl = {http://adsabs.harvard.edu/abs/2005ApJ...622.1102F},
  adsnote = {Provided by the SAO/NASA Astrophysics Data System}
}

@ARTICLE{santos04,
   author = {{Santos}, N.~C. and {Israelian}, G. and {Mayor}, M.},
    title = "{Spectroscopic [Fe/H] for 98 extra-solar planet-host stars.  Exploring the probability of planet formation}",
  journal = {\aap},
 keywords = {stars: abundances, stars: fundamental parameters, stars: planetary systems, stars: planetary systems: formation, stars: chemically peculiar},
     year = 2004,
    month = mar,
   volume = 415,
    pages = {1153-1166},
      doi = {10.1051/0004-6361:20034469},
   adsurl = {http://adsabs.harvard.edu/abs/2004A%26A...415.1153S},
  adsnote = {Provided by the SAO/NASA Astrophysics Data System}
}


@ARTICLE{petigura11,
   author = {{Petigura}, E.~A. and {Marcy}, G.~W.},
    title = "{Carbon and Oxygen in Nearby Stars: Keys to Protoplanetary Disk Chemistry}",
  journal = {\apj},
 keywords = {catalogs, planetary systems, stars: abundances, stars: fundamental parameters, techniques: spectroscopic},
     year = 2011,
    month = jul,
   volume = 735,
      eid = {41},
    pages = {41},
      doi = {10.1088/0004-637X/735/1/41},
   adsurl = {http://adsabs.harvard.edu/abs/2011ApJ...735...41P},
  adsnote = {Provided by the SAO/NASA Astrophysics Data System}
}

@ARTICLE{brewer16,
   author = {{Brewer}, J.~M. and {Fischer}, D.~A.},
    title = "{C/O and Mg/Si Ratios of Stars in the Solar Neighborhood}",
  journal = {\apj},
 keywords = {stars: abundances, stars: solar-type, stars: statistics },
     year = 2016,
    month = nov,
   volume = 831,
      eid = {20},
    pages = {20},
      doi = {10.3847/0004-637X/831/1/20},
   adsurl = {http://adsabs.harvard.edu/abs/2016ApJ...831...20B},
  adsnote = {Provided by the SAO/NASA Astrophysics Data System}
}


@ARTICLE{ramirez09,
   author = {{Ram{\'{\i}}rez}, I. and {Mel{\'e}ndez}, J. and {Asplund}, M.
	},
    title = "{Accurate abundance patterns of solar twins and analogs. Does the anomalous solar chemical composition come from planet formation?}",
  journal = {\aap},
 keywords = {stars: abundances, Sun: abundances, planetary systems},
     year = 2009,
    month = dec,
   volume = 508,
    pages = {L17-L20},
      doi = {10.1051/0004-6361/200913038},
   adsurl = {http://adsabs.harvard.edu/abs/2009A%26A...508L..17R},
  adsnote = {Provided by the SAO/NASA Astrophysics Data System}
}

@ARTICLE{bensby14,
   author = {{Bensby}, T. and {Feltzing}, S. and {Oey}, M.~S.},
    title = "{Exploring the Milky Way stellar disk. A detailed elemental abundance study of 714 F and G dwarf stars in the solar neighbourhood}",
  journal = {\aap},
 keywords = {Galaxy: disk, Galaxy: formation, Galaxy: evolution, stars: abundances, stars: fundamental parameters, stars: kinematics and dynamics},
     year = 2014,
    month = feb,
   volume = 562,
      eid = {A71},
    pages = {A71},
      doi = {10.1051/0004-6361/201322631},
   adsurl = {http://adsabs.harvard.edu/abs/2014A%26A...562A..71B},
  adsnote = {Provided by the SAO/NASA Astrophysics Data System}
}

@ARTICLE{bensby17,
   author = {{Bensby}, T. and {Feltzing}, S. and {Gould}, A. and {Yee}, J.~C. and 
	{Johnson}, J.~A. and {Asplund}, M. and {Mel{\'e}ndez}, J. and 
	{Lucatello}, S. and {Howes}, L.~M. and {McWilliam}, A. and {Udalski}, A. and 
	{Szyma{\'n}ski}, M.~K. and {Soszy{\'n}ski}, I. and {Poleski}, R. and 
	{Wyrzykowski}, {\L}. and {Ulaczyk}, K. and {Koz{\l}owski}, S. and 
	{Pietrukowicz}, P. and {Skowron}, J. and {Mr{\'o}z}, P. and 
	{Pawlak}, M. and {Abe}, F. and {Asakura}, Y. and {Bhattacharya}, A. and 
	{Bond}, I.~A. and {Bennett}, D.~P. and {Hirao}, Y. and {Nagakane}, M. and 
	{Koshimoto}, N. and {Sumi}, T. and {Suzuki}, D. and {Tristram}, P.~J.
	},
    title = "{Chemical evolution of the Galactic bulge as traced by microlensed dwarf and subgiant stars. VI. Age and abundance structure of the stellar populations in the central sub-kpc of the Milky Way}",
  journal = {\aap},
archivePrefix = "arXiv",
   eprint = {1702.02971},
 keywords = {gravitational lensing: micro, Galaxy: bulge, Galaxy: formation, Galaxy: evolution, stars: abundances},
     year = 2017,
    month = sep,
   volume = 605,
      eid = {A89},
    pages = {A89},
      doi = {10.1051/0004-6361/201730560},
   adsurl = {http://adsabs.harvard.edu/abs/2017A%26A...605A..89B},
  adsnote = {Provided by the SAO/NASA Astrophysics Data System}
}



@ARTICLE{hinkel16,
   author = {{Hinkel}, N.~R. and {Young}, P.~A. and {Pagano}, M.~D. and {Desch}, S.~J. and 
	{Anbar}, A.~D. and {Adibekyan}, V. and {Blanco-Cuaresma}, S. and 
	{Carlberg}, J.~K. and {Delgado Mena}, E. and {Liu}, F. and {Nordlander}, T. and 
	{Sousa}, S.~G. and {Korn}, A. and {Gruyters}, P. and {Heiter}, U. and 
	{Jofr{\'e}}, P. and {Santos}, N.~C. and {Soubiran}, C.},
    title = "{A Comparison of Stellar Elemental Abundance Techniques and Measurements}",
  journal = {\apjs},
 keywords = {stars: abundances, stars: individual: HD 361, HD 10700, HD 121504, HD 202206, techniques: spectroscopic },
     year = 2016,
    month = sep,
   volume = 226,
      eid = {4},
    pages = {4},
      doi = {10.3847/0067-0049/226/1/4},
   adsurl = {http://adsabs.harvard.edu/abs/2016ApJS..226....4H},
  adsnote = {Provided by the SAO/NASA Astrophysics Data System}
}

@ARTICLE{hogg10,
   author = {{Hogg}, D.~W. and {Bovy}, J. and {Lang}, D.},
    title = "{Data analysis recipes: Fitting a model to data}",
  journal = {ArXiv e-prints},
archivePrefix = "arXiv",
   eprint = {1008.4686},
 primaryClass = "astro-ph.IM",
 keywords = {Astrophysics - Instrumentation and Methods for Astrophysics, Physics - Data Analysis, Statistics and Probability},
     year = 2010,
    month = aug,
   adsurl = {http://adsabs.harvard.edu/abs/2010arXiv1008.4686H},
  adsnote = {Provided by the SAO/NASA Astrophysics Data System}
}

@ARTICLE{rogers15,
   author = {{Rogers}, L.~A.},
    title = "{Most 1.6 Earth-radius Planets are Not Rocky}",
  journal = {\apj},
 keywords = {methods: data analysis, methods: statistical, planetary systems, planets and satellites: composition, techniques: photometric, techniques: radial velocities},
     year = 2015,
    month = mar,
   volume = 801,
      eid = {41},
    pages = {41},
      doi = {10.1088/0004-637X/801/1/41},
   adsurl = {http://adsabs.harvard.edu/abs/2015ApJ...801...41R},
  adsnote = {Provided by the SAO/NASA Astrophysics Data System}
}



@ARTICLE{adibekyan12,
   author = {{Adibekyan}, V.~Z. and {Sousa}, S.~G. and {Santos}, N.~C. and 
	{Delgado Mena}, E. and {Gonz{\'a}lez Hern{\'a}ndez}, J.~I. and 
	{Israelian}, G. and {Mayor}, M. and {Khachatryan}, G.},
    title = "{Chemical abundances of 1111 FGK stars from the HARPS GTO planet search program. Galactic stellar populations and planets}",
  journal = {\aap},
 keywords = {stars: abundances, planetary systems, stars: fundamental parameters, Galaxy: disk, solar neighborhood, stars: kinematics and dynamics},
     year = 2012,
    month = sep,
   volume = 545,
      eid = {A32},
    pages = {A32},
      doi = {10.1051/0004-6361/201219401},
   adsurl = {http://adsabs.harvard.edu/abs/2012A%26A...545A..32A},
  adsnote = {Provided by the SAO/NASA Astrophysics Data System}
}

@ARTICLE{adibekyan14,
   author = {{Adibekyan}, V.~Z. and {Gonz{\'a}lez Hern{\'a}ndez}, J.~I. and 
	{Delgado Mena}, E. and {Sousa}, S.~G. and {Santos}, N.~C. and 
	{Israelian}, G. and {Figueira}, P. and {Bertran de Lis}, S.},
    title = "{On the origin of stars with and without planets. T$_{c}$ trends and clues to Galactic evolution}",
  journal = {\aap},
 keywords = {stars: abundances, stars: atmospheres, planetary systems, stars: kinematics and dynamics},
     year = 2014,
    month = apr,
   volume = 564,
      eid = {L15},
    pages = {L15},
      doi = {10.1051/0004-6361/201423435},
   adsurl = {http://adsabs.harvard.edu/abs/2014A%26A...564L..15A},
  adsnote = {Provided by the SAO/NASA Astrophysics Data System}
}

@ARTICLE{nissen15,
   author = {{Nissen}, P.~E.},
    title = "{High-precision abundances of elements in solar twin stars. Trends with stellar age and elemental condensation temperature}",
  journal = {\aap},
 keywords = {stars: abundances, stars: fundamental parameters, stars: solar-type, planetary systems, Galaxy: disk, Galaxy: evolution},
     year = 2015,
    month = jul,
   volume = 579,
      eid = {A52},
    pages = {A52},
      doi = {10.1051/0004-6361/201526269},
   adsurl = {http://adsabs.harvard.edu/abs/2015A%26A...579A..52N},
  adsnote = {Provided by the SAO/NASA Astrophysics Data System}
}

@ARTICLE{fortney12,
   author = {{Fortney}, J.~J.},
    title = "{On the Carbon-to-oxygen Ratio Measurement in nearby Sun-like Stars: Implications for Planet Formation and the Determination of Stellar Abundances}",
  journal = {\apjl},
 keywords = {brown dwarfs, planets and satellites: composition, stars: abundances, stars: carbon},
     year = 2012,
    month = mar,
   volume = 747,
      eid = {L27},
    pages = {L27},
      doi = {10.1088/2041-8205/747/2/L27},
   adsurl = {http://adsabs.harvard.edu/abs/2012ApJ...747L..27F},
  adsnote = {Provided by the SAO/NASA Astrophysics Data System}
}


@ARTICLE{lodders03,
   author = {{Lodders}, K.},
    title = "{Solar System Abundances and Condensation Temperatures of the Elements}",
  journal = {\apj},
 keywords = {Astrochemistry, Meteors, Meteoroids, Solar System: Formation- Sun: Abundances, Sun: Photosphere},
     year = 2003,
    month = jul,
   volume = 591,
    pages = {1220-1247},
      doi = {10.1086/375492},
   adsurl = {http://adsabs.harvard.edu/abs/2003ApJ...591.1220L},
  adsnote = {Provided by the SAO/NASA Astrophysics Data System}
}

@ARTICLE{fulton17,
   author = {{Fulton}, B.~J. and {Petigura}, E.~A. and {Howard}, A.~W. and 
	{Isaacson}, H. and {Marcy}, G.~W. and {Cargile}, P.~A. and {Hebb}, L. and 
	{Weiss}, L.~M. and {Johnson}, J.~A. and {Morton}, T.~D. and 
	{Sinukoff}, E. and {Crossfield}, I.~J.~M. and {Hirsch}, L.~A.
	},
    title = "{The California-Kepler Survey. III. A Gap in the Radius Distribution of Small Planets}",
  journal = {\aj},
 keywords = {planetary systems},
     year = 2017,
    month = sep,
   volume = 154,
      eid = {109},
    pages = {109},
      doi = {10.3847/1538-3881/aa80eb},
   adsurl = {http://adsabs.harvard.edu/abs/2017AJ....154..109F},
  adsnote = {Provided by the SAO/NASA Astrophysics Data System}
}

@ARTICLE{winn15,
   author = {{Winn}, J.~N. and {Fabrycky}, D.~C.},
    title = "{The Occurrence and Architecture of Exoplanetary Systems}",
  journal = {\araa},
 primaryClass = "astro-ph.EP",
     year = 2015,
    month = aug,
   volume = 53,
    pages = {409-447},
      doi = {10.1146/annurev-astro-082214-122246},
   adsurl = {http://adsabs.harvard.edu/abs/2015ARA%26A..53..409W},
  adsnote = {Provided by the SAO/NASA Astrophysics Data System}
}

@ARTICLE{gilmore89,
   author = {{Gilmore}, G. and {Wyse}, R.~F.~G. and {Kuijken}, K.},
    title = "{Kinematics, chemistry, and structure of the Galaxy}",
  journal = {\araa},
 keywords = {Galactic Structure, Interstellar Chemistry, Kinematics, Chemical Evolution, Color-Magnitude Diagram, Disk Galaxies, Late Stars, Metallicity, Milky Way Galaxy},
     year = 1989,
   volume = 27,
    pages = {555-627},
      doi = {10.1146/annurev.aa.27.090189.003011},
   adsurl = {http://adsabs.harvard.edu/abs/1989ARA%26A..27..555G},
  adsnote = {Provided by the SAO/NASA Astrophysics Data System}
}

@article{emcee,
   author = {{Foreman-Mackey}, D. and {Hogg}, D.~W. and {Lang}, D. and {Goodman}, J.},
    title = {emcee: The MCMC Hammer},
  journal = {PASP},
     year = 2013,
   volume = 125,
    pages = {306-312},
      doi = {10.1086/670067}
}

@ARTICLE{teske16,
   author = {{Teske}, J.~K. and {Khanal}, S. and {Ram{\'{\i}}rez}, I.},
    title = "{The Curious Case of Elemental Abundance Differences in the Dual Hot Jupiter Hosts WASP-94A and B}",
  journal = {\apj},
archivePrefix = "arXiv",
   eprint = {1601.01731},
 primaryClass = "astro-ph.SR",
 keywords = {planets and satellites: formation, planets and satellites: individual: WASP-94, stars: abundances, stars: atmospheres},
     year = 2016,
    month = mar,
   volume = 819,
      eid = {19},
    pages = {19},
      doi = {10.3847/0004-637X/819/1/19},
   adsurl = {http://adsabs.harvard.edu/abs/2016ApJ...819...19T},
  adsnote = {Provided by the SAO/NASA Astrophysics Data System}
}

@ARTICLE{adibekyan16,
   author = {{Adibekyan}, V. and {Delgado-Mena}, E. and {Figueira}, P. and 
	{Sousa}, S.~G. and {Santos}, N.~C. and {Faria}, J.~P. and {Gonz{\'a}lez Hern{\'a}ndez}, J.~I. and 
	{Israelian}, G. and {Harutyunyan}, G. and {Su{\'a}rez-Andr{\'e}s}, L. and 
	{Hakobyan}, A.~A.},
    title = "{{$\zeta$}$^{2}$ Reticuli, its debris disk, and its lonely stellar companion {$\zeta$}$^{1}$ Ret. Different T$_{c}$ trends for different spectra}",
  journal = {\aap},
archivePrefix = "arXiv",
   eprint = {1605.01918},
 primaryClass = "astro-ph.SR",
 keywords = {stars: abundances, planetary systems, stars: individual: Zet1 Ret (HD 20766), techniques: spectroscopic, stars: individual: Zet2 (HD 20807), binaries: general},
     year = 2016,
    month = jun,
   volume = 591,
      eid = {A34},
    pages = {A34},
      doi = {10.1051/0004-6361/201628453},
   adsurl = {http://adsabs.harvard.edu/abs/2016A%26A...591A..34A},
  adsnote = {Provided by the SAO/NASA Astrophysics Data System}
}

@ARTICLE{dotter17,
   author = {{Dotter}, A. and {Conroy}, C. and {Cargile}, P. and {Asplund}, M.
	},
    title = "{The Influence of Atomic Diffusion on Stellar Ages and Chemical Tagging}",
  journal = {\apj},
archivePrefix = "arXiv",
   eprint = {1704.03465},
 primaryClass = "astro-ph.SR",
 keywords = {stars: abundances, stars: evolution},
     year = 2017,
    month = may,
   volume = 840,
      eid = {99},
    pages = {99},
      doi = {10.3847/1538-4357/aa6d10},
   adsurl = {http://adsabs.harvard.edu/abs/2017ApJ...840...99D},
  adsnote = {Provided by the SAO/NASA Astrophysics Data System}
}

@ARTICLE{gaidos15,
   author = {{Gaidos}, E.},
    title = "{What Are Little Worlds Made Of? Stellar Abundances and the Building Blocks of Planets}",
  journal = {\apj},
archivePrefix = "arXiv",
   eprint = {1502.06991},
 primaryClass = "astro-ph.EP",
 keywords = {techniques: spectroscopic, planets and satellites: formation, planets and satellites: gaseous planets, stars: abundances},
     year = 2015,
    month = may,
   volume = 804,
      eid = {40},
    pages = {40},
      doi = {10.1088/0004-637X/804/1/40},
   adsurl = {http://adsabs.harvard.edu/abs/2015ApJ...804...40G},
  adsnote = {Provided by the SAO/NASA Astrophysics Data System}
}

@ARTICLE{onehag14,
   author = {{{\"O}nehag}, A. and {Gustafsson}, B. and {Korn}, A.},
    title = "{Abundances and possible diffusion of elements in M 67 stars}",
  journal = {\aap},
archivePrefix = "arXiv",
   eprint = {1310.6297},
 primaryClass = "astro-ph.SR",
 keywords = {stars: atmospheres, stars: fundamental parameters, stars: abundances, techniques: spectroscopic, open clusters and associations: individual: M 67, methods: observational},
     year = 2014,
    month = feb,
   volume = 562,
      eid = {A102},
    pages = {A102},
      doi = {10.1051/0004-6361/201322663},
   adsurl = {http://adsabs.harvard.edu/abs/2014A%26A...562A.102O},
  adsnote = {Provided by the SAO/NASA Astrophysics Data System}
}

@ARTICLE{ramirez10,
   author = {{Ram{\'{\i}}rez}, I. and {Asplund}, M. and {Baumann}, P. and 
	{Mel{\'e}ndez}, J. and {Bensby}, T.},
    title = "{A possible signature of terrestrial planet formation in the chemical composition of solar analogs}",
  journal = {\aap},
archivePrefix = "arXiv",
   eprint = {1008.3161},
 primaryClass = "astro-ph.SR",
 keywords = {stars: abundances, Sun: abundances, planetary systems},
     year = 2010,
    month = oct,
   volume = 521,
      eid = {A33},
    pages = {A33},
      doi = {10.1051/0004-6361/201014456},
   adsurl = {http://adsabs.harvard.edu/abs/2010A%26A...521A..33R},
  adsnote = {Provided by the SAO/NASA Astrophysics Data System}
}
@ARTICLE{ramirez11,
   author = {{Ram{\'{\i}}rez}, I. and {Mel{\'e}ndez}, J. and {Cornejo}, D. and 
	{Roederer}, I.~U. and {Fish}, J.~R.},
    title = "{Elemental Abundance Differences in the 16 Cygni Binary System: A Signature of Gas Giant Planet Formation?}",
  journal = {\apj},
archivePrefix = "arXiv",
   eprint = {1107.5814},
 primaryClass = "astro-ph.SR",
 keywords = {planetary systems, stars: abundances, stars: fundamental parameters, stars: individual: 16 Cyg A 16 Cyg B},
     year = 2011,
    month = oct,
   volume = 740,
      eid = {76},
    pages = {76},
      doi = {10.1088/0004-637X/740/2/76},
   adsurl = {http://adsabs.harvard.edu/abs/2011ApJ...740...76R},
  adsnote = {Provided by the SAO/NASA Astrophysics Data System}
}

@ARTICLE{nissen16,
   author = {{Nissen}, P.~E.},
    title = "{High-precision abundances of Sc, Mn, Cu, and Ba in solar twins. Trends of element ratios with stellar age}",
  journal = {\aap},
archivePrefix = "arXiv",
   eprint = {1606.08399},
 primaryClass = "astro-ph.SR",
 keywords = {stars: abundances, stars: fundamental parameters, stars: solar-type, Galaxy: disk, Galaxy: evolution},
     year = 2016,
    month = sep,
   volume = 593,
      eid = {A65},
    pages = {A65},
      doi = {10.1051/0004-6361/201628888},
   adsurl = {http://adsabs.harvard.edu/abs/2016A%26A...593A..65N},
  adsnote = {Provided by the SAO/NASA Astrophysics Data System}
}

@ARTICLE{Gonzalez2010,
   author = {{Gonzalez}, G. and {Carlson}, M.~K. and {Tobin}, R.~W.},
    title = "{Parent stars of extrasolar planets - XI. Trends with condensation temperature revisited}",
  journal = {\mnras},
archivePrefix = "arXiv",
   eprint = {1004.3313},
 primaryClass = "astro-ph.SR",
 keywords = {stars: abundances, planetary systems},
     year = 2010,
    month = sep,
   volume = 407,
    pages = {314-320},
      doi = {10.1111/j.1365-2966.2010.16900.x},
   adsurl = {http://adsabs.harvard.edu/abs/2010MNRAS.407..314G},
  adsnote = {Provided by the SAO/NASA Astrophysics Data System}
}
@ARTICLE{Gonzalez2010b,
   author = {{Gonzalez}, G. and {Carlson}, M.~K. and {Tobin}, R.~W.},
    title = "{Parent stars of extrasolar planets - X. Lithium abundances and v sini revisited}",
  journal = {\mnras},
archivePrefix = "arXiv",
   eprint = {0912.1621},
 primaryClass = "astro-ph.SR",
 keywords = {stars: abundances, planetary systems},
     year = 2010,
    month = apr,
   volume = 403,
    pages = {1368-1380},
      doi = {10.1111/j.1365-2966.2009.16195.x},
   adsurl = {http://adsabs.harvard.edu/abs/2010MNRAS.403.1368G},
  adsnote = {Provided by the SAO/NASA Astrophysics Data System}
}
@ARTICLE{Gonzalez2011,
   author = {{Gonzalez}, G.},
    title = "{Parent stars of extrasolar planets - XII. Additional evidence for trends with v sin i, condensation temperature and chromospheric activity}",
  journal = {\mnras},
archivePrefix = "arXiv",
   eprint = {1106.5002},
 primaryClass = "astro-ph.SR",
 keywords = {stars: abundances, planetary systems},
     year = 2011,
    month = sep,
   volume = 416,
    pages = {L80-L83},
      doi = {10.1111/j.1745-3933.2011.01102.x},
   adsurl = {http://adsabs.harvard.edu/abs/2011MNRAS.416L..80G},
  adsnote = {Provided by the SAO/NASA Astrophysics Data System}
}
@ARTICLE{GonzalezHernandez2010,
   author = {{Gonz{\'a}lez Hern{\'a}ndez}, J.~I. and {Israelian}, G. and 
	{Santos}, N.~C. and {Sousa}, S. and {Delgado-Mena}, E. and {Neves}, V. and 
	{Udry}, S.},
    title = "{Searching for the Signatures of Terrestrial Planets in Solar Analogs}",
  journal = {\apj},
archivePrefix = "arXiv",
   eprint = {1007.0580},
 primaryClass = "astro-ph.SR",
 keywords = {planetary systems, stars: abundances, stars: atmospheres, stars: formation, stars: fundamental parameters},
     year = 2010,
    month = sep,
   volume = 720,
    pages = {1592-1602},
      doi = {10.1088/0004-637X/720/2/1592},
   adsurl = {http://adsabs.harvard.edu/abs/2010ApJ...720.1592G},
  adsnote = {Provided by the SAO/NASA Astrophysics Data System}
}
@ARTICLE{GonzalezHernandez2013,
   author = {{Gonz{\'a}lez Hern{\'a}ndez}, J.~I. and {Delgado-Mena}, E. and 
	{Sousa}, S.~G. and {Israelian}, G. and {Santos}, N.~C. and {Adibekyan}, V.~Z. and 
	{Udry}, S.},
    title = "{Searching for the signatures of terrestrial planets in F-, G-type main-sequence stars}",
  journal = {\aap},
archivePrefix = "arXiv",
   eprint = {1301.2109},
 primaryClass = "astro-ph.EP",
 keywords = {stars: abundances, stars: fundamental parameters, stars: atmospheres, planetary systems},
     year = 2013,
    month = apr,
   volume = 552,
      eid = {A6},
    pages = {A6},
      doi = {10.1051/0004-6361/201220165},
   adsurl = {http://adsabs.harvard.edu/abs/2013A%26A...552A...6G},
  adsnote = {Provided by the SAO/NASA Astrophysics Data System}
}
@ARTICLE{Sotin2007,
   author = {{Sotin}, C. and {Grasset}, O. and {Mocquet}, A.},
    title = "{Mass radius curve for extrasolar Earth-like planets and ocean planets}",
  journal = {Icarus},
     year = 2007,
    month = nov,
   volume = 191,
    pages = {337-351},
      doi = {10.1016/j.icarus.2007.04.006},
   adsurl = {http://adsabs.harvard.edu/abs/2007Icar..191..337S},
  adsnote = {Provided by the SAO/NASA Astrophysics Data System}
}
@ARTICLE{Schuler2011b,
   author = {{Schuler}, S.~C. and {Flateau}, D. and {Cunha}, K. and {King}, J.~R. and 
	{Ghezzi}, L. and {Smith}, V.~V.},
    title = "{Abundances of Stars with Planets: Trends with Condensation Temperature}",
  journal = {\apj},
archivePrefix = "arXiv",
   eprint = {1103.0757},
 primaryClass = "astro-ph.SR",
 keywords = {planetary systems, planets and satellites: formation, stars: abundances, stars: atmospheres},
     year = 2011,
    month = may,
   volume = 732,
      eid = {55},
    pages = {55},
      doi = {10.1088/0004-637X/732/1/55},
   adsurl = {http://adsabs.harvard.edu/abs/2011ApJ...732...55S},
  adsnote = {Provided by the SAO/NASA Astrophysics Data System}
}
@ARTICLE{brewer16b,
   author = {{Brewer}, J.~M. and {Fischer}, D.~A.},
    title = "{C/O and Mg/Si Ratios of Stars in the Solar Neighborhood}",
  journal = {\apj},
 keywords = {stars: abundances, stars: solar-type, stars: statistics },
     year = 2016,
    month = nov,
   volume = 831,
      eid = {20},
    pages = {20},
      doi = {10.3847/0004-637X/831/1/20},
   adsurl = {http://adsabs.harvard.edu/abs/2016ApJ...831...20B},
  adsnote = {Provided by the SAO/NASA Astrophysics Data System}
}
@ARTICLE{Adibekyan2015a,
   author = {{Adibekyan}, V. and {Santos}, N.~C. and {Figueira}, P. and {Dorn}, C. and 
	{Sousa}, S.~G. and {Delgado-Mena}, E. and {Israelian}, G. and 
	{Hakobyan}, A.~A. and {Mordasini}, C.},
    title = "{From stellar to planetary composition: Galactic chemical evolution of Mg/Si mineralogical ratio}",
  journal = {\aap},
archivePrefix = "arXiv",
   eprint = {1508.04970},
 primaryClass = "astro-ph.EP",
 keywords = {planetary systems, techniques: spectroscopic, stars: abundances, planets and satellites: composition, Galaxy: abundances},
     year = 2015,
    month = sep,
   volume = 581,
      eid = {L2},
    pages = {L2},
      doi = {10.1051/0004-6361/201527059},
   adsurl = {http://adsabs.harvard.edu/abs/2015A%26A...581L...2A},
  adsnote = {Provided by the SAO/NASA Astrophysics Data System}
}
@ARTICLE{oh17,
   author = {{Oh}, S. and {Price-Whelan}, A.~M. and {Brewer}, J.~M. and {Hogg}, D.~W. and 
	{Spergel}, D.~N. and {Myles}, J.},
    title = "{Kronos {\amp} Krios: Evidence for accretion of a massive, rocky planetary system in a comoving pair of solar-type stars}",
  journal = {ArXiv e-prints},
archivePrefix = "arXiv",
   eprint = {1709.05344},
 primaryClass = "astro-ph.SR",
 keywords = {Astrophysics - Solar and Stellar Astrophysics},
     year = 2017,
    month = sep,
   adsurl = {http://adsabs.harvard.edu/abs/2017arXiv170905344O},
  adsnote = {Provided by the SAO/NASA Astrophysics Data System}
}

@ARTICLE{Burbidge1957,
   author = {{Burbidge}, E.~M. and {Burbidge}, G.~R. and {Fowler}, W.~A. and 
	{Hoyle}, F.},
    title = "{Synthesis of the Elements in Stars}",
  journal = {Reviews of Modern Physics},
     year = 1957,
   volume = 29,
    pages = {547-650},
      doi = {10.1103/RevModPhys.29.547},
   adsurl = {http://adsabs.harvard.edu/abs/1957RvMP...29..547B},
  adsnote = {Provided by the SAO/NASA Astrophysics Data System}
}

@ARTICLE{suarez-andres18,
   author = {{Su{\'a}rez-Andr{\'e}s}, L. and {Israelian}, G. and {Gonz{\'a}lez Hern{\'a}ndez}, J.~I. and 
	{Adibekyan}, V.~Z. and {Delgado Mena}, E. and {Santos}, N.~C. and 
	{Sousa}, S.~G.},
    title = "{C/O vs Mg/Si ratios in solar type stars: The HARPS sample}",
  journal = {ArXiv e-prints},
archivePrefix = "arXiv",
   eprint = {1801.09474},
 primaryClass = "astro-ph.EP",
 keywords = {Astrophysics - Earth and Planetary Astrophysics, Astrophysics - Solar and Stellar Astrophysics},
     year = 2018,
    month = jan,
   adsurl = {http://adsabs.harvard.edu/abs/2018arXiv180109474S},
  adsnote = {Provided by the SAO/NASA Astrophysics Data System}
}

@ARTICLE{spina15,
   author = {{Spina}, L. and {Palla}, F. and {Randich}, S. and {Sacco}, G. and 
	{Jeffries}, R. and {Magrini}, L. and {Franciosini}, E. and {Meyer}, M.~R. and 
	{Tautvai{\v s}ien{\.e}}, G. and {Gilmore}, G. and {Alfaro}, E.~J. and 
	{Allende Prieto}, C. and {Bensby}, T. and {Bragaglia}, A. and 
	{Flaccomio}, E. and {Koposov}, S.~E. and {Lanzafame}, A.~C. and 
	{Costado}, M.~T. and {Hourihane}, A. and {Lardo}, C. and {Lewis}, J. and 
	{Monaco}, L. and {Morbidelli}, L. and {Sousa}, S.~G. and {Worley}, C.~C. and 
	{Zaggia}, S.},
    title = "{The Gaia-ESO Survey: chemical signatures of rocky accretion in a young solar-type star}",
  journal = {\aap},
archivePrefix = "arXiv",
   eprint = {1509.00933},
 primaryClass = "astro-ph.SR",
 keywords = {stars: abundances, stars: chemically peculiar, stars: pre-main sequence, galaxies: star clusters: individual: Gamma Velorum, planet-star interactions, techniques: spectroscopic},
     year = 2015,
    month = oct,
   volume = 582,
      eid = {L6},
    pages = {L6},
      doi = {10.1051/0004-6361/201526896},
   adsurl = {http://adsabs.harvard.edu/abs/2015A%26A...582L...6S},
  adsnote = {Provided by the SAO/NASA Astrophysics Data System}
}

@ARTICLE{matplotlib,
   author = {{Hunter}, J.~D.},
    title = "{Matplotlib: A 2D Graphics Environment}",
  journal = {Computing in Science and Engineering},
 keywords = {Python, Scripting languages, Application development, Scientific programming  },
     year = 2007,
    month = may,
   volume = 9,
    pages = {90-95},
      doi = {10.1109/MCSE.2007.55},
   adsurl = {http://adsabs.harvard.edu/abs/2007CSE.....9...90H},
  adsnote = {Provided by the SAO/NASA Astrophysics Data System}
}

@ARTICLE{numpy, 
author={S. van der Walt and S. C. Colbert and G. Varoquaux}, 
journal={Computing in Science Engineering}, 
title={The NumPy Array: A Structure for Efficient Numerical Computation}, 
year={2011}, 
volume={13}, 
number={2}, 
pages={22-30}, 
keywords={data structures;high level languages;mathematics computing;numerical analysis;Python programming language;high level language;numerical computation;numerical data;numpy array;Arrays;Computational efficiency;Finite element methods;Numerical analysis;Performance evaluation;Resource management;Vector quantization;NumPy;Python;numerical computations;programming libraries;scientific programming}, 
doi={10.1109/MCSE.2011.37}, 
ISSN={1521-9615}, 
month={March}
}

@INPROCEEDINGS{iraf,
   author = {{Tody}, D.},
    title = "{The IRAF Data Reduction and Analysis System}",
booktitle = {Instrumentation in astronomy VI},
     year = 1986,
   series = {\procspie},
   volume = 627,
   editor = {{Crawford}, D.~L.},
    month = jan,
    pages = {733},
      doi = {10.1117/12.968154},
   adsurl = {http://adsabs.harvard.edu/abs/1986SPIE..627..733T},
  adsnote = {Provided by the SAO/NASA Astrophysics Data System}
}

@ARTICLE{dorn15,
   author = {{Dorn}, C. and {Khan}, A. and {Heng}, K. and {Connolly}, J.~A.~D. and 
	{Alibert}, Y. and {Benz}, W. and {Tackley}, P.},
    title = "{Can we constrain the interior structure of rocky exoplanets from mass and radius measurements?}",
  journal = {\aap},
archivePrefix = "arXiv",
   eprint = {1502.03605},
 primaryClass = "astro-ph.EP",
 keywords = {planets and satellites: terrestrial planets, planets and satellites: interiors},
     year = 2015,
    month = may,
   volume = 577,
      eid = {A83},
    pages = {A83},
      doi = {10.1051/0004-6361/201424915},
   adsurl = {http://adsabs.harvard.edu/abs/2015A%26A...577A..83D},
  adsnote = {Provided by the SAO/NASA Astrophysics Data System}
}

@ARTICLE{thiabaud15,
   author = {{Thiabaud}, A. and {Marboeuf}, U. and {Alibert}, Y. and {Leya}, I. and 
	{Mezger}, K.},
    title = "{Elemental ratios in stars vs planets}",
  journal = {\aap},
archivePrefix = "arXiv",
   eprint = {1507.01343},
 primaryClass = "astro-ph.EP",
 keywords = {planets and satellites: composition, planets and satellites: formation, planets and satellites: interiors},
     year = 2015,
    month = aug,
   volume = 580,
      eid = {A30},
    pages = {A30},
      doi = {10.1051/0004-6361/201525963},
   adsurl = {http://adsabs.harvard.edu/abs/2015A%26A...580A..30T},
  adsnote = {Provided by the SAO/NASA Astrophysics Data System}
}

@ARTICLE{santos15,
   author = {{Santos}, N.~C. and {Adibekyan}, V. and {Mordasini}, C. and 
	{Benz}, W. and {Delgado-Mena}, E. and {Dorn}, C. and {Buchhave}, L. and 
	{Figueira}, P. and {Mortier}, A. and {Pepe}, F. and {Santerne}, A. and 
	{Sousa}, S.~G. and {Udry}, S.},
    title = "{Constraining planet structure from stellar chemistry: the cases of CoRoT-7, Kepler-10, and Kepler-93}",
  journal = {\aap},
archivePrefix = "arXiv",
   eprint = {1507.08081},
 primaryClass = "astro-ph.EP",
 keywords = {planetary systems, planets and satellites: detection, stars: abundances, techniques: spectroscopic},
     year = 2015,
    month = aug,
   volume = 580,
      eid = {L13},
    pages = {L13},
      doi = {10.1051/0004-6361/201526850},
   adsurl = {http://adsabs.harvard.edu/abs/2015A%26A...580L..13S},
  adsnote = {Provided by the SAO/NASA Astrophysics Data System}
}

@ARTICLE{kobayashi06,
   author = {{Kobayashi}, C. and {Umeda}, H. and {Nomoto}, K. and {Tominaga}, N. and 
	{Ohkubo}, T.},
    title = "{Galactic Chemical Evolution: Carbon through Zinc}",
  journal = {\apj},
   eprint = {astro-ph/0608688},
 keywords = {Galaxies: Abundances, Galaxies: Evolution, Stars: Supernovae: General},
     year = 2006,
    month = dec,
   volume = 653,
    pages = {1145-1171},
      doi = {10.1086/508914},
   adsurl = {http://adsabs.harvard.edu/abs/2006ApJ...653.1145K},
  adsnote = {Provided by the SAO/NASA Astrophysics Data System}
}




